@article{Ernest2018,
author = "Morgan Ernest and James Brown and Thomas Valone and Ethan P. White",
title = "{Portal Project Teaching Database}",
note = "\url{https://figshare.com/articles/Portal_Project_Teaching_Database/1314459} [Accessed on 27/06/2018]",
doi = "10.6084/m9.figshare.1314459.v9"
}

@book{verborgh2013using,
  title={Using OpenRefine},
  author={Verborgh, Ruben and De Wilde, Max},
  year={2013},
  publisher={Packt Publishing Ltd}  
}

@software{Trifacta2018,  
  title = {Trifacta},  
  note = "\url{https://www.trifacta.com/} [Accessed on 27/06/2018]"
}
